@BOOK{cald-o-ultimate,
  title = {Petriho {S}ítě},
  publisher = {Akademické nakladatelství CERM Brno},
  year = {1994},
  author = {Milan ČEŠKA},
  abstract = {Učebnice Petriho sítí. Obsahuje definici PS, rozebírá
    základní problémy analýzy PS, invarianty, jazyky PS. Nezabývá se
    stochastickými, barvenými PS, ani dalšími rozšířeními. Končí
    u PT Petriho sítí s inhibitory.},
  isbn = {80-85867-35-4},
  owner = {David Martinek},
}

@MISC{simlib,
  author = {Petr PERINGER},
  title = {{SIMLIB/C++}},
  howpublished = {[online]},
  year = {Naposledy navštíveno 31. 3. 2005},
  url = {http://www.fit.vutbr.cz/~peringer/SIMLIB/},
}

@MISC{python-fro2m,
  title = {{MS Windows NT} Kernel Description},
  howpublished = {\url{http://web.archive.org/web/20080207010024/http://www.808multimedia.com/winnt/kernel.htm}},
  note = {Accessed: 2010-09-30}
}

@online{python-fr2m,
  author = {Guido VAN ROSSUM},
  title = {Python History},
  year = {[cit 31. 3. 2005]},
  howpublished = {[online]},
  url = {http://svn.python.org/view/*checkout*/python/trunk/Misc/HISTORY},
  urldate = {2010-09-30}
}

@misc{python-from,
 author = {Rubino, Daniel},
 editor = {{Windows Phone Central}},
 title = {IE9 for Windows Phone 7: Adobe Flash, demos and development},
 url = {http://www.wpcentral.com/ie9-windows-phone-7-adobe-flash-demos-and-development-videos},
 urldate = {14.01.2013},
 originalyear = {18.02.2011}
}
